<?xml version="1.0" encoding="UTF-8"?><collection xmlns="http://www.loc.gov/MARC21/slim"><record><leader>00536nam--2200181-i-4500</leader><controlfield tag="001">000012339</controlfield><controlfield tag="002">20161230</controlfield><controlfield tag="005">20161230201029</controlfield><controlfield tag="008">060222s1000------------r-----000-0-eng-d</controlfield><datafield ind1=" " ind2=" " tag="040"><subfield code="a">IFIN-HH</subfield></datafield><datafield ind1=" " ind2=" " tag="080"><subfield code="a">538.9:539.2(082.1)</subfield></datafield><datafield ind1="1" ind2=" " tag="100"><subfield code="a">Wolfe, Raymond</subfield></datafield><datafield ind1="1" ind2="0" tag="245"><subfield code="a">Applied solid state science</subfield><subfield code="b">Advances in materials and device research. volume 3</subfield><subfield code="c">Raymond wolfe, c.j. kriessman</subfield></datafield><datafield ind1=" " ind2=" " tag="260"><subfield code="a">New York</subfield><subfield code="b">Academic Press</subfield><subfield code="c">1972</subfield></datafield><datafield ind1=" " ind2=" " tag="300"><subfield code="a">VI+403P</subfield></datafield><datafield ind1="1" ind2=" " tag="700"><subfield code="a">Kriessman, C.J</subfield></datafield><datafield ind1=" " ind2=" " tag="852"><subfield code="a">32714</subfield><subfield code="c">539.2</subfield></datafield><datafield ind1=" " ind2=" " tag="CAT"><subfield code="a">Sys</subfield><subfield code="c">20121017</subfield><subfield code="h">162923</subfield></datafield></record></collection>